@Mastersthesis{Master,
	type = {Masterarbeit},
	author = {Andriy Mashychev},
	title = {{Eine computergestützte Methode zum Vergleich chemischer Muster am Beispiel von SMARTS}},
	school = {Universität Hamburg},
	year = {2011},
}

@misc{Daylightsmi,
	author = {Daylight Chemical Information Systems, Inc.},
	title = {Daylight SMILES},
	howpublished = "\url{http://daylight.com/dayhtml_tutorials/languages/smiles/}",
	note = {Zugriff: 20.08.2015}
}

@article{smiles,
	author = {David Weininger},
	title = {SMILES, a chemical language and information system. 1. Introduction to methodology and encoding rules},
	journal = {Journal of Chemical Information and Computer Sciences},
	volume = {28},
	number = {1},
	pages = {31-36},
	year = {1988}	
}

@misc{Daylightsma,
	author = {Daylight Chemical Information Systems, Inc.},
	title = {Daylight SMARTS},
	howpublished = "\url{http://daylight.com/dayhtml_tutorials/languages/smarts/}",
	note = {Zugriff: 20.08.2015}
}

@UNPUBLISHED{gci,
   author = {M. Rarey},
   title = {Grundlagen der Chemieinformatik},
   note = {Vorlesung},
   month = {Wintersemester},
   year = {2014}
}

@proceedings{regex,
	editor    = {Adrian Horia Dediu and
	Enrico Formenti and
	Carlos Martín-Vide and
	Bianca Truthe},
	title     = {Language and Automata Theory and Applications - 9th International
	Conference, {LATA} 2015, Nice, France, March 2-6, 2015, Proceedings},
	series    = {Lecture Notes in Computer Science},
	volume    = {8977},
	publisher = {Springer},
	year      = {2015}
}

@article{randic,
	author = {Milan Randic},
	title = {Characterization of molecular branching},
	journal = {Journal of the American Chemical Society},
	volume = {97},
	number = {23},
	pages = {6609-6615},
	year = {1975}
}

@article{matrices,
	author = {Chen, Shihyen and Ma, Bin and Zhang, Kaizhong},
	journal = {Theor. Comput. Sci.},
	keywords = {dblp},
	number = {24-25},
	pages = {2365-2376},
	title = {On the similarity metric and the distance metric.},
	volume = 410,
	year = 2009
}

@book{introduction,
	author = {Leach, Andrew R. and Gillet, Valerie J.},
	title = {An Introduction to Chemoinformatics},
	year = {2007},
	publisher = {Springer Publishing Company, Incorporated}
} 

@book{textbook,
	editor = {Gasteiger, J. and Engel, T.},
	posted-at = {2009-09-28 15:27:44},
	publisher = {Wiley-VCH},
	title = {{Chemoinformatics: A Textbook}},
	year = {2003}
}

@book{chemoinformatik,
	editor = {Bunin, B. A. and Siesel, B. and Morales, G. A. and Bajorath, J.},
	publisher = {Springer},
	title = {{Chemoinformatics: theory, practice, and products}},
	year = {2007}
}

@article {qsar,
	author = {Perkins, Roger and Fang, Hong and Tong, Weida and Welsh, William J.},
	title = {Quantitative structure-activity relationship methods: Perspectives on drug discovery and toxicology},
	journal = {Environmental Toxicology and Chemistry},
	volume = {22},
	number = {8},
	publisher = {Wiley Periodicals, Inc.},
	issn = {1552-8618},
	pages = {1666-1679},
	year = {2003},
}

@book{endlauto,
	title={Formale Sprachen: Endliche Automaten, Grammatiken, lexikalische und syntaktische Analyse},
	author={Böckenhauer, H.J. and Hromkovic, J.},
	year={2013},
	publisher={Springer}
}

@book{graph,
	author = {Jungnickel, Dieter},
	title = {Graphs, Networks and Algorithms},
	year = {2007},
	edition = {3rd},
	publisher = {Springer},
} 

@article{ullmann,
	author = {Ullmann, J. R.},
	title = {An Algorithm for Subgraph Isomorphism},
	journal = {J. ACM},
	volume = {23},
	number = {1},
	year = {1976},
	pages = {31--42},
	publisher = {ACM},
} 

@misc{zinc,
	author = {University of California, San Francisco},
	title = {ZINC},
	howpublished = "\url{http://zinc.docking.org/}",
	note = {Zugriff: 19.08.2015}
}

@misc{smartsdata,
	author = {ZBH Center for Bioinformatics Hamburg},
	title = {SMARTS Dataset},
	howpublished = "\url{http://www.zbh.uni-hamburg.de/forschung/arbeitsgruppe-algorithmisches-molekulares-design/datasets.html}",
	note = {Zugriff: 01.08.2015}
}

@misc{thyroxin,
	author = {ChemSpider},
	title = {Levothyroxine},
	howpublished = "\url{http://www.chemspider.com/Chemical-Structure.5614.html}",
	note = {Zugriff: 14.10.2015}
}

@misc{ChEMBL,
	author = {EMBL - European Molecular Biology Laboratory},
	title = "{ChEMBL}",
	howpublished = "\url{https://www.ebi.ac.uk/chembl/}",
	note = {Zugriff: 14.10.2015}
}

@misc{ChEMBLrelease,
	author = {EMBL - European Molecular Biology Laboratory},
	title = "{ChEMBL 20 Release}",
	howpublished = "\url{http://chembl.blogspot.de/2015/02/chembl-20-released.html}",
	note = {Zugriff: 14.10.2015}
}

@misc{ChEMBLpersonal,
	author = {EMBL - European Molecular Biology Laboratory and Laggner, C.},
	title = "{Sructural Alerts - ChEMBL 20}",
	month = {September},
	year = {2015},
	howpublished = "{persönliche Korrespondenz mit C. Laggner}",
}

@article{naomi,
	author = {S. Urbaczek and A. Kolodzik and J.R. Fischer and T. Lipperrt and S. Heuser and I. Groth and T. Schulz-Gasch and M. Rarey},
	year = {2011},
	title = {NAOMI: ON the Almost Trivial Task of Reading Molecules from Different File formats},
	pages = {3199-3027},
	volume = {51},
	journal = {J.Chem.Inf.Model}
}

@article{sln,
	author    = {R. Webster Homer and
	Jon Swanson and
	Robert J. Jilek and
	Tad Hurst and
	Robert D. Clark},
	title     = {{SYBYL} Line Notation {(SLN):} {A} Single Notation To Represent Chemical
	Structures, Queries, Reactions, and Virtual Libraries},
	journal   = {Journal of Chemical Information and Modeling},
	volume    = {48},
	number    = {12},
	pages     = {2294--2307},
	year      = {2008},
}

@misc{smartsviewsoftware,
	author = {ZBH Center for Bioinformatics Hamburg},
	title = "{SMARTSviewer}",
	howpublished = "\url{http://smartsview.de/}",
	note = {Zugriff: 20.10.2015}
}
@article{smartsview,
	author = {Karen Schomburg and Hans-Christian Ehrlich and Katrin Stierand and Matthias Rarey},
	title = {From Structure Diagrams to Visual Chemical Patterns},
	journal = {Journal of Chemical Information and Modeling},
	volume = {50},
	number = {9},
	pages = {1529-1535},
	year = {2010},
	doi = {10.1021/ci100209a},
	note ={PMID: 20795706},
}
@article{painssln,
	author = {Saubern, Simon and Guha, Rajarshi and Baell, Jonathan B.},
	journal = {Molecular Informatics},
	keywords = {knime, pains, smarts},
	number = {10},
	pages = {847--850},
	posted-at = {2011-08-09 09:20:47},
	priority = {2},
	publisher = {WILEY-VCH Verlag},
	title = {{KNIME Workflow to Assess PAINS Filters in SMARTS Format. Comparison of RDKit and Indigo Cheminformatics Libraries}},
	url = {http://dx.doi.org/10.1002/minf.201100076},
	volume = {30},
	year = {2011}
}

